@book{silva2016machine,
  title={Machine learning in complex networks},
  author={Silva, Thiago Christiano and Zhao, Liang},
  volume={2016},
  year={2016},
  publisher={Springer}
}
@article{Rong2019TheTD,
  title={The Truly Deep Graph Convolutional Networks for Node Classification},
  author={Yu Rong and Wenbing Huang and Tingyang Xu and Junzhou Huang},
  journal={ArXiv},
  year={2019},
  volume={abs/1907.10903}
}
@article{Jiang2019SemisupervisedLW,
  title={Semi-supervised Learning with Adaptive Neighborhood Graph Propagation Network},
  author={Bo Jiang and Leiling Wang and Jin Tang and Bin Luo},
  journal={ArXiv},
  year={2019},
  volume={abs/1908.05153}
}
@article{kipf2016semi,
  title={Semi-supervised classification with graph convolutional networks},
  author={Kipf, Thomas N and Welling, Max},
  journal={arXiv preprint arXiv:1609.02907},
  year={2016}
}
@article{gao2019exploring,
  title={Exploring Graph Learning for Semi-Supervised Classification Beyond Euclidean Data},
  author={Gao, Xiang and Hu, Wei and Guo, Zongming},
  journal={arXiv preprint arXiv:1904.10146},
  year={2019}
}
@misc{kim2019edgelabeling,
    title={Edge-labeling Graph Neural Network for Few-shot Learning},
    author={Jongmin Kim and Taesup Kim and Sungwoong Kim and Chang D. Yoo},
    year={2019},
    eprint={1905.01436},
    archivePrefix={arXiv},
    primaryClass={cs.LG}
}

@misc{wu2019simplifying,
    title={Simplifying Graph Convolutional Networks},
    author={Felix Wu and Tianyi Zhang and Amauri Holanda de Souza Jr. and Christopher Fifty and Tao Yu and Kilian Q. Weinberger},
    year={2019},
    eprint={1902.07153},
    archivePrefix={arXiv},
    primaryClass={cs.LG}
}

@misc{wang2019attributed,
    title={Attributed Graph Clustering: A Deep Attentional Embedding Approach},
    author={Chun Wang and Shirui Pan and Ruiqi Hu and Guodong Long and Jing Jiang and Chengqi Zhang},
    year={2019},
    eprint={1906.06532},
    archivePrefix={arXiv},
    primaryClass={cs.LG}
}